<record><leader>00000cas a22000007a 4500</leader><controlfield tag="001">10024174</controlfield><controlfield tag="008">831017d1921199upauwr ne      0   a0eng d</controlfield><datafield ind1=" " ind2=" " tag="010"><subfield code="a">sn 83004733 </subfield></datafield><datafield ind1=" " ind2=" " tag="040"><subfield code="a">NSD</subfield><subfield code="b">eng</subfield><subfield code="c">NSD</subfield><subfield code="d">NPH</subfield><subfield code="d">NSD</subfield><subfield code="d">OCLCQ</subfield></datafield><datafield ind1=" " ind2=" " tag="012"><subfield code="j">0</subfield><subfield code="m">d</subfield></datafield><datafield ind1="1" ind2=" " tag="022"><subfield code="a">0746-4037</subfield><subfield code="l">0746-4037</subfield><subfield code="2">1</subfield></datafield><datafield ind1=" " ind2=" " tag="037"><subfield code="b">Sedloff Publications, 709 Caldwell Ave., Portage, PA 15946</subfield></datafield><datafield ind1=" " ind2=" " tag="042"><subfield code="a">nsdp</subfield></datafield><datafield ind1=" " ind2="4" tag="222"><subfield code="a">The Nanty Glo journal</subfield></datafield><datafield ind1="0" ind2="4" tag="245"><subfield code="a">The Nanty-Glo journal.</subfield></datafield><datafield ind1=" " ind2=" " tag="260"><subfield code="a">Nanty-Glo, Pa. :</subfield><subfield code="b">Herman Sedloff,</subfield><subfield code="c">1921-</subfield></datafield><datafield ind1=" " ind2=" " tag="300"><subfield code="a">v. :</subfield><subfield code="b">ill. ;</subfield><subfield code="c">55-57 cm.</subfield></datafield><datafield ind1=" " ind2=" " tag="310"><subfield code="a">Weekly</subfield></datafield><datafield ind1="0" ind2=" " tag="362"><subfield code="a">Vol. 1, no. 1 (May 5, 1921)-</subfield></datafield><datafield ind1=" " ind2=" " tag="500"><subfield code="a">Published every Thursday.</subfield></datafield><datafield ind1=" " ind2=" " tag="500"><subfield code="a">Devoted to the interests and progress of Nanty-Glo and Blacklick Valley."</subfield></datafield><datafield ind1=" " ind2=" " tag="500"><subfield code="a">Printed in Portage, Pa. by Sedloff Publications, &lt;1953-&gt;.</subfield></datafield><datafield ind1=" " ind2=" " tag="752"><subfield code="a">United States</subfield><subfield code="b">Pennsylvania</subfield><subfield code="c">Cambria</subfield><subfield code="d">Nanty Glo.</subfield></datafield><datafield ind1=" " ind2=" " tag="752"><subfield code="a">United States</subfield><subfield code="b">Pennsylvania</subfield><subfield code="c">Cambria</subfield><subfield code="d">Portage.</subfield></datafield><datafield ind1="0" ind2="0" tag="785"><subfield code="t">Journal (Nanty Glo Pa.)</subfield><subfield code="x">1529-9910</subfield><subfield code="w">(DLC)   00212354</subfield></datafield><datafield ind1=" " ind2=" " tag="936"><subfield code="a">Oct. 5, 1983</subfield></datafield><datafield ind1="1" ind2=" " tag="029"><subfield code="a">AU@</subfield><subfield code="b">000020293654</subfield></datafield></record>